@inproceedings{TFPIE15_DSLsofMath_IonescuJansson,
  author =       {Cezar Ionescu and Patrik Jansson},
  booktitle =    {Proc. 4th Int. Workshop on Trends in Functional
                  Programming in Education},
  publisher =    {Open Publishing Association},
  longseries =   {Electronic Proceedings in Theoretical Computer
                  Science},
  series =       {EPTCS},
  title =        {Domain-Specific Languages of Mathematics: Presenting
                  Mathematical Analysis using Functional Programming},
  year =         2015
}

@Inbook{Svenningsson2013,
  author="Svenningsson, Josef and Axelsson, Emil",
  editor="Loidl, Hans-Wolfgang and Pe{\~{n}}a, Ricardo",
  chapter="Combining Deep and Shallow Embedding for EDSL",
  title="Trends in Functional Programming: 13th International Symposium, TFP 2012, St. Andrews, UK, June 12-14, 2012, Revised Selected Papers",
  year="2013",
  publisher="Springer Berlin Heidelberg",
  address="Berlin, Heidelberg",
  pages="21--36",
  isbn="978-3-642-40447-4",
  doi="10.1007/978-3-642-40447-4_2",
  url="http://dx.doi.org/10.1007/978-3-642-40447-4_2"
}



@online{tentastatistik,
    author = {Chalmers Tekniska Högskola},
    title  = {Statistik över kursresultat},
    year   = {2016},
    url    = {http://document.chalmers.se/doc/00000000-0000-0000-0000-00001C968DC6}
}

@online{kursinformation:ere102:14-15,
    author = {Chalmers Tekniska Högskola},
    title  = {ERE102 - Reglerteknik},
    year   = {2014},
    url    = {http://document.chalmers.se/doc/b1ebfabc-b2c1-41a3-bf22-35711526aae8}
}

@online{kursinformation:ssy080:14-15,
    author = {Chalmers Tekniska Högskola},
    title  = {SSY080 - Transformer, Signaler och System},
    year   = {2015},
    url    = {http://document.chalmers.se/doc/9b8b4e02-75ae-493a-bd68-e31125b730f6}
}

@online{kursplan:dslsofmath,
    author = {Chalmers Tekniska Högskola},
    title  = {DAT325 - Matematikens domänspecifika språk},
    year   = {2016},
    url    = {https://www.student.chalmers.se/sp/course?course_id=24179}
}

@online{kursplan:ere103,
    author = {Chalmers Tekniska Högskola},
    title  = {ERE103 - Reglerteknik},
    year   = {2015/2016},
    url    = {https://www.student.chalmers.se/sp/course?course_id=24149}
}

@online{kursplan:ssy080,
    author = {Chalmers Tekniska Högskola},
    title  = {SSY080 - Transformer, Signaler och System},
    year   = {2015/2016},
    url    = {https://www.student.chalmers.se/sp/course?course_id=23192}
}

@book{learnyouahaskell,
    title  = {Learn You a Haskell for Great Good!},
    author = {Miran Lipovača},
    year   = 2011,
    publisher = {No Starch Press},
    isbn   = {978-1-59327-283-8}
}

@book{TSS,
  title =        {Signals, Systems, and Transforms},
  author =       {Charles L. Phillips, John M. Parr, Eve Ann Riskin},
  year =         2014,
  publisher =    {Pearson Education Limited},
  isbn =         {978-1-29-201532-3}
}
%TSS boken

@book{fourier,
    title  = {Fourier Analysis and Its Applications},
    author = {Gerald B. Folland},
    year   = 2011,
    publisher = {Pacific Grove, Calif. : Wadsworth & Brooks/Cole Advanced Books & Software. c1992},
    isbn   = {978-0-8218-4790-9}
}
%Fourier Analys boken jag använde för att skaffa information. Mest för att bekräfta lite grejer
