@conference{tfpie,
    author = {Cezar Ionescu and Patrik Jansson},
    title  = {Domain-Specific Languages of Mathematics: Presenting
Mathematical Analysis using Functional Programming},
    year   = 2015,
    pages  = 15
}

@online{tentastatistik,
    author = {Chalmers Tekniska Högskola},
    title  = {Statistik över kursresultat},
    year   = {2016},
    url    = {http://document.chalmers.se/doc/00000000-0000-0000-0000-00001C968DC6}
}

@online{kursinformation:ere102:14-15,
    author = {Chalmers Tekniska Högskola},
    title  = {ERE102 - Reglerteknik},
    year   = {2014},
    url    = {http://document.chalmers.se/doc/b1ebfabc-b2c1-41a3-bf22-35711526aae8}
}

@online{kursinformation:ssy080:14-15,
    author = {Chalmers Tekniska Högskola},
    title  = {SSY080 - Transformer, Signal och System},
    year   = {2015},
    url    = {http://document.chalmers.se/doc/9b8b4e02-75ae-493a-bd68-e31125b730f6}
}

@online{kursplan:dslsofmath,
    author = {Chalmers Tekniska Högskola},
    title  = {DAT325 - Matematikens domänspecifika},
    year   = {2016},
    url    = {https://www.student.chalmers.se/sp/course?course_id=24179}
}

@online{kursplan:ere103,
    author = {Chalmers Tekniska Högskola},
    title  = {ERE103 - Reglerteknik},
    year   = {2015/2016},
    url    = {https://www.student.chalmers.se/sp/course?course_id=24149}
}

@online{kursplan:ssy080,
    author = {Chalmers Tekniska Högskola},
    title  = {SSY080 - Transformer, Signaler och System},
    year   = {2015/2016},
    url    = {https://www.student.chalmers.se/sp/course?course_id=23192}
}

@book{learnyouahaskell,
    title  = {Learn You a Haskell for Great Good!},
    author = {Miran Lipovača},
    year   = 2011,
    publisher = {No Starch Press},
    isbn   = {978-1-59327-283-8}
}

