@inproceedings{TFPIE15_DSLsofMath_IonescuJansson,
  author =       {Cezar Ionescu and Patrik Jansson},
  booktitle =    {Proc. 4th Int. Workshop on Trends in Functional
                  Programming in Education},
  publisher =    {Open Publishing Association},
  longseries =   {Electronic Proceedings in Theoretical Computer
                  Science},
  series =       {EPTCS},
  title =        {Domain-Specific Languages of Mathematics: Presenting
                  Mathematical Analysis using Functional Programming},
  year =         2015
}

@incollection{Svenningsson2012combining,
  title={Combining deep and shallow embedding for {EDSL}},
  author={Svenningsson, Josef and Axelsson, Emil},
  booktitle={Trends in Functional Programming},
  pages={21--36},
  year=2012,
  publisher={Springer}
}

@online{tentastatistik,
    author = {{Chalmers tekniska högskola}},
    title  = {Statistik över kursresultat},
    year   = {2016},
    url    = {http://document.chalmers.se/doc/00000000-0000-0000-0000-00001C968DC6}
}

@online{kursinformation:ere102:14-15,
    author = {{Chalmers tekniska högskola}},
    title  = {ERE102 - Reglerteknik},
    year   = {2014},
    url    = {http://document.chalmers.se/doc/b1ebfabc-b2c1-41a3-bf22-35711526aae8}
}

@online{kursinformation:ssy080:14-15,
    author = {{Chalmers tekniska högskola}},
    title  = {SSY080 - Transformer, Signaler och System},
    year   = {2015},
    url    = {http://document.chalmers.se/doc/9b8b4e02-75ae-493a-bd68-e31125b730f6}
}

@online{kursplan:dslsofmath,
    author = {{Chalmers tekniska högskola}},
    title  = {{DAT325} - Matematikens domänspecifika språk},
    year   = {2016},
    url    = {https://www.student.chalmers.se/sp/course?course_id=24179}
}

@online{kursplan:ere103,
    author = {{Chalmers tekniska högskola}},
    title  = {ERE103 - Reglerteknik},
    year   = {2015/2016},
    url    = {https://www.student.chalmers.se/sp/course?course_id=24149}
}

@online{kursplan:ssy080,
    author = {{Chalmers tekniska högskola}},
    title  = {SSY080 - Transformer, Signaler och System},
    year   = {2015/2016},
    url    = {https://www.student.chalmers.se/sp/course?course_id=23192}
}

@online{betterexplained,
    author  = {Kalid Azad},
    title   = {{BetterExplained}},
    year    = {2016},
    url     = {http://betterexplained.com/},
    urldate = {2016-02-15}
}

@book{learnyouahaskell,
    title     = {Learn You a Haskell for Great Good!},
    author    = {Miran Lipovača},
    year      = 2011,
    publisher = {No Starch Press},
    isbn      = {978-1-59327-283-8}
}

@book{TSS,
  title     = {Signals, Systems, and Transforms},
  author    = {Charles L. Phillips and John M. Parr and Eve Ann Riskin},
  year      = 2014,
  publisher = {Pearson Education Limited},
  isbn      = {978-1-29-201532-3}
}
%TSS boken

@book{fourier,
    title     = {Fourier Analysis and Its Applications},
    author    = {Gerald B. Folland},
    year      = 2011,
    publisher = {Pacific Grove, Calif. : Wadsworth & Brooks/Cole Advanced Books & Software. c1992},
    isbn      = {978-0-8218-4790-9}
}
%Fourier Analys boken jag använde för att skaffa information. Mest för att bekräfta lite grejer

@book{trott2004,
  title     = {The Mathematica guidebook for programming},
  author    = {Michael Trott},
  isbn      = {978-0387942827},
  year      = 2004,
  address   = {New York},
  pages     = 174,
  publisher = {Telos-Springer}
}


@Book{conway1978functions,
 author    = {Conway, John},
 title     = {Functions of one complex variable},
 publisher = {Springer-Verlag},
 year      = 1978,
 address   = {New York},
 isbn      = 0387903283
 }

@article{hughes1989functional,
  title     = {Why functional programming matters},
  author    = {Hughes, John},
  journal   = {The computer journal},
  volume    = 32,
  number    = 2,
  pages     = {98--107},
  year      = 1989,
  publisher = {Br Computer Soc}
}

@article{sussman2002role,
  title  = {The role of programming in the formulation of ideas},
  author = {Sussman, Gerald Jay and Wisdom, Jack},
  year   = {2002}
}

@article{wells1995communicating,
  title     = {Communicating mathematics: Useful ideas from computer science},
  author    = {Wells, Charles},
  journal   = {The American mathematical monthly},
  volume    = 102,
  number    = 5,
  pages     = {397--408},
  year      = 1995,
  publisher = {JSTOR}
}

@book{enkaten_i_praktiken,
    title   = {Enkäten i praktiken : en handbok i enkätmetodik},
    author  = {Göran Ejlertsson},
    edition = 2,
    year    = 2005,
    publisher = {Lund : Studentlitteratur},
    isbn    = {91-44-03164-5}
}

@book{enkatboken,
    title     = {Enkätboken},
    author    = {Jan Trost},
    edition   = 2,
    year      = 2001,
    publisher = {Lund : Studentlitteratur},
    isbn      = {91-44-01816-9}
}

@book{motivational_design,
    title     = {Motivational design for learning and performance : the ARCS model approach},
    author    = {John M. Keller},
    edition   = 1,
    year      = 2009,
    publisher = {New York : Springer},
    isbn      = 9781441965790
}

@book{didaktik_for_ingenjorslarare,
    title     = {Didaktik för ingenjörslärare : konsten och glädjen med att utbilda ingenjörer},
    author    = {Agneta Bränberg and Håkan Gulliksson and Ulf Holmgren},
    edition   = 1,
    year      = 2013,
    publisher = {Lund : Studentlitteratur},
    isbn      = 9789144089270
}

@online{fastestfourier,
    author = {Jed Brown},
    title  = {Fastest Fourier Transform in the West},
    year   = {2016},
    url    = {https://hackage.haskell.org/package/fft-0.1.8.3/docs/Math-FFT.html}
}
